\usepackage{accents}
@inproceedings{ambainis2011quantum,
author = {Ambainis, Andris},
year = {2011},
month = {01},
pages = {9-13},
title = {Quantum Finite Automata}
},
@inproceedings{ambainis19981,
  title={1-way quantum finite automata: strengths, weaknesses and generalizations},
  author={Ambainis, Andris and Freivalds, Rusins},
  booktitle={Proceedings 39th Annual Symposium on Foundations of Computer Science (Cat. No. 98CB36280)},
  pages={332--341},
  year={1998},
  organization={IEEE}
},
@inproceedings{bertoni2005small,
  title={Small size quantum automata recognizing some regular languages},
  author={Bertoni, Mereghetti, and Palano},
  booktitle={Theoretical Computer Science 340},
  pages={394--407},
  year={2005}
}
